<?xml version="1.0" encoding="UTF-8"?><collection xmlns="http://www.loc.gov/MARC21/slim"><record><leader>00520nam--2200181-i-4500</leader><controlfield tag="001">000034315</controlfield><controlfield tag="002">20161230</controlfield><controlfield tag="005">20161230201040</controlfield><controlfield tag="008">060222s1000------------r-----000-0-fre-d</controlfield><datafield ind1=" " ind2=" " tag="040"><subfield code="a">IFIN-HH</subfield></datafield><datafield ind1=" " ind2=" " tag="041"><subfield code="a">fre</subfield></datafield><datafield ind1=" " ind2=" " tag="080"><subfield code="a">523.9-7(043)</subfield></datafield><datafield ind1="1" ind2=" " tag="100"><subfield code="a">Noe, Jerome De La</subfield></datafield><datafield ind1="1" ind2="0" tag="245"><subfield code="a">Sursauts radioelectriques solaires de type 111b. analyse des observations et mecanisme d`emission</subfield><subfield code="b">These</subfield><subfield code="c">Jerome de la noe</subfield></datafield><datafield ind1=" " ind2=" " tag="260"><subfield code="a">Paris</subfield><subfield code="b">Universite</subfield><subfield code="c">1975</subfield></datafield><datafield ind1=" " ind2=" " tag="300"><subfield code="a">80P</subfield></datafield><datafield ind1=" " ind2=" " tag="852"><subfield code="a">48469</subfield><subfield code="c">523</subfield></datafield><datafield ind1=" " ind2=" " tag="CAT"><subfield code="a">Sys</subfield><subfield code="c">20141203</subfield><subfield code="h">183352</subfield></datafield></record></collection>